<record><leader>00000cas a2200000 a 4500</leader><controlfield tag="001">12738985</controlfield><controlfield tag="008">851030d19721977txucn ne     s0   a0eng d</controlfield><datafield ind1=" " ind2=" " tag="010"><subfield code="a">sn 88083328 </subfield></datafield><datafield ind1=" " ind2=" " tag="040"><subfield code="a">TXR</subfield><subfield code="b">eng</subfield><subfield code="c">TXR</subfield><subfield code="d">PPM</subfield><subfield code="d">OCL</subfield><subfield code="d">OCLCQ</subfield><subfield code="d">OCLCF</subfield><subfield code="d">OCLCO</subfield></datafield><datafield ind1="1" ind2=" " tag="029"><subfield code="a">AU@</subfield><subfield code="b">000020503506</subfield></datafield><datafield ind1=" " ind2=" " tag="042"><subfield code="a">msc</subfield></datafield><datafield ind1=" " ind2=" " tag="090"><subfield code="a">LH1.L4</subfield><subfield code="b">U5</subfield></datafield><datafield ind1="0" ind2="4" tag="245"><subfield code="a">The University press.</subfield></datafield><datafield ind1=" " ind2=" " tag="260"><subfield code="a">Beaumont, Tex. :</subfield><subfield code="b">[Lamar University],</subfield><subfield code="c">1972-1977.</subfield></datafield><datafield ind1=" " ind2=" " tag="300"><subfield code="a">6 v. :</subfield><subfield code="b">ill.</subfield></datafield><datafield ind1=" " ind2=" " tag="310"><subfield code="a">Semiweekly (except summer term and holidays),</subfield><subfield code="b">Sept. 3, 1976-</subfield></datafield><datafield ind1=" " ind2=" " tag="321"><subfield code="a">Weekly (except summer term and holidays),</subfield><subfield code="b">Feb. 11, 1972-Apr. 30, 1976</subfield></datafield><datafield ind1="0" ind2=" " tag="362"><subfield code="a">Vol. 22, no. 17 (Feb. 11, 1972)-v. 27, no. 48 (Apr. 29, 1977).</subfield></datafield><datafield ind1="2" ind2="0" tag="610"><subfield code="a">Lamar University.</subfield></datafield><datafield ind1="2" ind2="7" tag="610"><subfield code="a">Lamar University.</subfield><subfield code="2">fast</subfield><subfield code="0">(OCoLC)fst00551096</subfield></datafield><datafield ind1="2" ind2=" " tag="710"><subfield code="a">Lamar University.</subfield></datafield><datafield ind1=" " ind2=" " tag="752"><subfield code="a">United States</subfield><subfield code="b">Texas</subfield><subfield code="c">Jefferson</subfield><subfield code="d">Beaumont.</subfield></datafield><datafield ind1="0" ind2="0" tag="780"><subfield code="t">Redbird</subfield></datafield><datafield ind1="0" ind2="0" tag="785"><subfield code="t">Lamar University press</subfield></datafield></record>